@ARTICLE{becker_ea:2009,
  author       = {Becker, Daniel and Rabenseifner, Rolf and Wolf, Felix and Linford, John},
  title        = {Scalable timestamp synchronization for event traces of message-passing applications},
  journal      = {Parallel Computing},
  volume       = {35},
  number       = {12},
  pages        = {595--607},
  month        = dec,
  year         = {2009}
}

@INPROCEEDINGS{boehme_ea:2010,
  author       = {B{\"{o}}hme, David and Geimer, Markus and Wolf, Felix and Arnold, Lukas},
  title        = {Identifying the root causes of wait states in large-scale parallel  applications},
  booktitle    = {Proc. of the 39th International Conference on Parallel Processing (ICPP), San Diego, CA, USA},
  pages        = {90--100},
  month        = sep,
  year         = {2010},
  publisher    = {IEEE Computer Society}
}

@INPROCEEDINGS{boehme_ea:2012,
  author       = {B{\"{o}}hme, David and de Supinski, Bronis R. and Geimer, Markus and Schulz, Martin and Wolf, Felix},
  title        = {Scalable Critical-Path Based Performance Analysis},
  booktitle    = {Proc. of the 26th IEEE International Parallel \& Distributed Processing Symposium (IPDPS), Shanghai, China},
  pages        = {1330--1340},
  month        = may,
  year         = {2012},
  publisher    = {IEEE Computer Society}
}

@MISC{cube_manual,
  key          = {Cube},
  title        = {{CubeGUI User Guide}},
  howpublished = {Available as part of the Cube installation or online at \url{https://www.scalasca.org/software/cube-4.x/documentation.html}}
}

@MISC{cuda_ref,
  author       = {{NVIDIA Corporation}},
  title        = {{CUDA} Toolkit Documentation},
  howpublished = {\url{https://docs.nvidia.com/cuda/index.html}}
}

@INPROCEEDINGS{eschweiler_ea:2012,
  author       = {Eschweiler, Dominic and Wagner, Michael and Geimer, Markus and Kn{\"{u}}pfer, Andreas and Nagel, Wolfgang E. and Wolf, Felix},
  title        = {{O}pen {T}race {F}ormat 2 - {T}he Next Generation of Scalable Trace Formats and Support Libraries},
  booktitle    = {Applications, Tools and Techniques on the Road to Exascale Computing (Proc. of Intl. Conference on Parallel Computing, ParCo, Aug./Sept. 2011, Ghent, Belgium)},
  series       = {Advances in Parallel Computing},
  volume       = {22},
  pages        = {481--490},
  month        = may,
  year         = {2012},
  publisher    = {IOS Press}
}

@ARTICLE{geimer_ea:2009,
  author       = {Geimer, Markus and Wolf, Felix and Wylie, Brian J. N. and Mohr, Bernd},
  title        = {A scalable tool architecture for diagnosing wait states in massively parallel applications},
  journal      = {Parallel Computing},
  volume       = {35},
  number       = {7},
  pages        = {375--388},
  month        = jul,
  year         = {2009}
}

@BOOK{IEEE:2017,
  author =       {{IEEE}},
  title =        {{IEEE} 1003.1-2017: {IEEE} Standard for Information Technology--Portable Operating System Interface (POSIX(R)) Base Specifications, Issue 7},
  publisher =    {IEEE Computer Society Press},
  year =         {2017}
}

@INPROCEEDINGS{knuepfer_ea:2012,
  author       = {Kn{\"{u}}pfer, Andreas and R{\"{o}}ssel, Christian and an Mey, Dieter and Biersdorff, Scott and Diethelm, Kai and Eschweiler, Dominic and Geimer, Markus and Gerndt, Michael and Lorenz, Daniel and Malony, Allen and Nagel, Wolfgang E. and Oleynik, Yury and Philippen, Peter and Saviankou, Pavel and Schmidl, Dirk and Shende, Sameer and Tsch{\"{u}}ter, Ronny and Wagner, Michael and Wesarg, Bert and Wolf, Felix},
  title        = {{Score-P} -- {A} Joint Performance Measurement Run-Time Infrastructure for {Periscope}, {Scalasca}, {TAU}, and {Vampir}},
  booktitle    = {Tools for High Performance Computing 2011 (Proc. of 5th Parallel Tools Workshop, Sept. 2011, Dresden, Germany)},
  pages        = {79--91},
  month        = sep,
  year         = {2012},
  publisher    = {Springer}
}

@INPROCEEDINGS{knuepfer_ea:2008,
  author       = {Kn{\"{u}}pfer, Andreas and Brunst, Holger and Doleschal, Jens and Jurenz, Matthias and Lieber, Matthias and Mickler, Holger and M{\"{u}}ller, Matthias S. and Nagel, Wolfgang E.},
  title        = {The {Vampir} Performance Analysis Toolset},
  booktitle    = {Tools for High Performance Computing (Proc. of the 2nd Parallel Tools Workshop, July 2008, Stuttgart, Germany)},
  pages        = {139--155},
  month        = jul,
  year         = {2008},
  publisher    = {Springer}
}

@MISC{mpi_ref,
  author       = {{Message Passing Interface Forum}},
  title        = {{MPI}: A Message-Passing Interface Standard, {V}ersion 3.1},
  month        = jun,
  year         = {2015},
  howpublished = {\url{https://www.mpi-forum.org}}
}

@MISC{npb_website,
  author       = {{NASA Advanced Supercomputing Division}},
  title        = {{NAS Parallel Benchmarks} website},
  howpublished = {\url{https://www.nas.nasa.gov/publications/npb.html}}
}

@MISC{openacc_ref,
  author       = {{OpenACC-Standard.org}},
  title        = {The {OpenACC} Application Programming Interface, {V}ersion 3.1},
  month        = nov,
  year         = {2020},
  howpublished = {\url{https://www.openacc.org}}
}

@MISC{opencl_ref,
  author       = {{Khronos Group}},
  title        = {The {OpenCL} Specification, {Version} 3.0},
  month        = dec,
  year         = {2020},
  howpublished = {\url{https://www.khronos.org/registry/OpenCL/}}
}

@MISC{openmp_ref,
  author       = {{OpenMP Architecture Review Board}},
  title        = {{OpenMP} Application Program Interface, {V}ersion 5.1},
  month        = nov,
  year         = {2020},
  howpublished = {\url{https://www.openmp.org}}
}

@MISC{scalasca_webdocs,
  key          = {Scalasca},
  title        = {{Scalasca} 2.x series documentation web page},
  howpublished = {\url{https://www.scalasca.org/software/scalasca-2.x/documentation.html}}
}

@MISC{scorep_manual,
  key          = {Score-P},
  title        = {{Score-P User Manual}},
  howpublished = {Available as part of the Score-P installation or online at \url{https://www.score-p.org}}
}

@ARTICLE{shende_ea:2006,
  author       = {Shende, Sameer S. and Malony, Allen D.},
  title        = {The {TAU} Parallel Performance System},
  journal      = {International Journal of High Performance Computing Applications},
  volume       = {20},
  number       = {2},
  pages        = {287--311},
  month        = may,
  year         = {2006}
}
