@BOOK{Alexandrescu:2001,
  author    = {Alexandrescu, Andrei},
  title     = {Modern C++ Design, Generic Programming and Design Patterns Applied},
  publisher = {Addison-Wesley},
  address   = {Reading, MA},
  month     = feb,
  year      = {2001}
}

@BOOK{BulkaMayhew:1999,
  author    = {Bulka, Dov and Mayhew, David},
  title     = {Efficient C++: Performance Programming Techniques},
  publisher = {Addison-Wesley},
  address   = {Reading, MA},
  month     = nov,
  year      = {1999}
}

@BOOK{ISOcpp:1998,
  author    = {{ISO/IEC 14882:1998}},
  title     = {{Programming Languages} --- {C++}},
  publisher = {International Organization for Standardization},
  address   = {Geneva, Switzerland},
  month     = sep,
  year      = {1998}
}

@ARTICLE{Sutter:2001,
  author    = {Herb Sutter},
  title     = {Virtuality},
  journal   = {C/C++ Users Journal},
  volume    = {19},
  number    = {9},
  pages     = {53--58},
  month     = sep,
  year      = {2001}
}

@ARTICLE{SleatorTarjan:1985,
  author    = {Sleator, Daniel Dominic and Tarjan, Robert Endre},
  title     = {Self-Adjusting Binary Search Trees},
  journal   = {Journal of the Association for Computing Machinery},
  volume    = {32},
  number    = {3},
  pages     = {652--686},
  month     = jul,
  year      = {1985}
}
